<record><leader>00000cas a2200000 a 4500</leader><controlfield tag="001">12961482</controlfield><controlfield tag="008">851231d1889192uaruwr ne      0    0eng d</controlfield><datafield ind1=" " ind2=" " tag="010"><subfield code="a">sn 85032956 </subfield></datafield><datafield ind1=" " ind2=" " tag="040"><subfield code="a">KSH</subfield><subfield code="b">eng</subfield><subfield code="c">KSH</subfield><subfield code="d">NPT</subfield><subfield code="d">ANU</subfield><subfield code="d">OCL</subfield><subfield code="d">NVF</subfield><subfield code="d">OCLCQ</subfield><subfield code="d">OCLCF</subfield><subfield code="d">OCLCO</subfield></datafield><datafield ind1="1" ind2=" " tag="029"><subfield code="a">AU@</subfield><subfield code="b">000022167879</subfield></datafield><datafield ind1=" " ind2=" " tag="042"><subfield code="a">msc</subfield></datafield><datafield ind1=" " ind2=" " tag="043"><subfield code="a">n-us-ar</subfield></datafield><datafield ind1="0" ind2=" " tag="130"><subfield code="a">Free press (Stuttgart, Ark.)</subfield></datafield><datafield ind1="1" ind2="4" tag="245"><subfield code="a">The free press.</subfield></datafield><datafield ind1=" " ind2=" " tag="260"><subfield code="a">Stuttgart, Ark. :</subfield><subfield code="b">W.D. Mathews &amp; Son</subfield></datafield><datafield ind1=" " ind2=" " tag="300"><subfield code="a">v.</subfield></datafield><datafield ind1=" " ind2=" " tag="310"><subfield code="a">Weekly</subfield></datafield><datafield ind1="1" ind2=" " tag="362"><subfield code="a">Began in 1889; ceased in 1924?</subfield></datafield><datafield ind1=" " ind2=" " tag="580"><subfield code="a">Continued by: Arkansas County leader (non-extant).</subfield></datafield><datafield ind1=" " ind2=" " tag="588"><subfield code="a">Description based on: 6th year, no. 7 (Mar. 14, 1895).</subfield></datafield><datafield ind1=" " ind2="0" tag="651"><subfield code="a">Stuttgart (Ark.)</subfield><subfield code="v">Newspapers.</subfield></datafield><datafield ind1=" " ind2="0" tag="651"><subfield code="a">Arkansas County (Ark.)</subfield><subfield code="v">Newspapers.</subfield></datafield><datafield ind1=" " ind2="7" tag="655"><subfield code="a">Newspapers.</subfield><subfield code="2">fast</subfield><subfield code="0">(OCoLC)fst01423814</subfield></datafield><datafield ind1=" " ind2="7" tag="651"><subfield code="a">Arkansas</subfield><subfield code="z">Arkansas County.</subfield><subfield code="2">fast</subfield><subfield code="0">(OCoLC)fst01207515</subfield></datafield><datafield ind1=" " ind2="7" tag="651"><subfield code="a">Arkansas</subfield><subfield code="z">Stuttgart.</subfield><subfield code="2">fast</subfield><subfield code="0">(OCoLC)fst01226753</subfield></datafield><datafield ind1=" " ind2=" " tag="752"><subfield code="a">United States</subfield><subfield code="b">Arkansas</subfield><subfield code="c">Arkansas</subfield><subfield code="d">Stuttgart.</subfield></datafield><datafield ind1="0" ind2=" " tag="775"><subfield code="t">Daily free press (Stuttgart, Ark.)</subfield><subfield code="w">(DLC)sn 90050244</subfield></datafield><datafield ind1="1" ind2="0" tag="785"><subfield code="t">Arkansas County leader</subfield></datafield></record>